<?xml version="1.0" encoding="UTF-8"?><collection xmlns="http://www.loc.gov/MARC21/slim"><record><leader>00415nam--2200133-i-4500</leader><controlfield tag="001">000021700</controlfield><controlfield tag="002">20161230</controlfield><controlfield tag="005">20161230201034</controlfield><controlfield tag="008">060222s1000------------r-----000-0-eng-d</controlfield><datafield ind1=" " ind2=" " tag="100"><subfield code="a">Hovi, Vaino, Poyhonen Jorma And Paalassalo Pentti</subfield></datafield><datafield ind1=" " ind2=" " tag="245"><subfield code="a">Anomalous thermal expansion of nh4no3 at 125.8 and 84.1c</subfield></datafield><datafield ind1=" " ind2=" " tag="260"><subfield code="a">Helsinki, Suomalainen Tiedeakatemia, 1960. 11p. + 6 Fig</subfield></datafield><datafield ind1=" " ind2=" " tag="490"><subfield code="a">Series A, Physica</subfield></datafield><datafield ind1=" " ind2=" " tag="852"><subfield code="a">6361</subfield></datafield></record></collection>